<?xml version="1.0" encoding="UTF-8"?><collection xmlns="http://www.loc.gov/MARC21/slim"><record><leader>00541nam--2200169-i-4500</leader><controlfield tag="001">000033102</controlfield><controlfield tag="002">20161230</controlfield><controlfield tag="005">20161230201039</controlfield><controlfield tag="008">060222s1000------------r-----000-0-ger-d</controlfield><datafield ind1="1" ind2=" " tag="100"><subfield code="a">Meissner, Ernest</subfield></datafield><datafield ind1="1" ind2="0" tag="245"><subfield code="a">Mechanik:</subfield><subfield code="b">Band I. STATIK DER STARREN, FLUSSIGEN UND ELASTISCHEN KORPER</subfield><subfield code="c">Ernest Meissner, Hans Zeigler</subfield></datafield><datafield ind1=" " ind2=" " tag="260"><subfield code="a">Basel, Verlag Birkhauser, 1947-1948</subfield></datafield><datafield ind1=" " ind2=" " tag="300"><subfield code="a">340P</subfield></datafield><datafield ind1=" " ind2=" " tag="490"><subfield code="a">Lehr-und Handbucher Der Ingenieurwissenschaften</subfield><subfield code="v">vol. 5</subfield></datafield><datafield ind1=" " ind2=" " tag="700"><subfield code="a">Zeigler, Hans</subfield></datafield><datafield ind1=" " ind2=" " tag="852"><subfield code="a">47551</subfield><subfield code="c">531</subfield></datafield><datafield ind1=" " ind2=" " tag="CAT"><subfield code="a">Sys</subfield><subfield code="c">20100630</subfield><subfield code="h">104601</subfield></datafield></record></collection>